<?xml version="1.0" encoding="UTF-8"?><collection xmlns="http://www.loc.gov/MARC21/slim"><record><leader>00380nam--2200133-i-4500</leader><controlfield tag="001">000043562</controlfield><controlfield tag="002">20161230</controlfield><controlfield tag="005">20161230201044</controlfield><controlfield tag="008">060222s1000------------r-----000-0-eng-d</controlfield><datafield ind1=" " ind2=" " tag="080"><subfield code="a">547.7:541.64</subfield></datafield><datafield ind1=" " ind2=" " tag="100"><subfield code="a">Talbiersky,Jorg</subfield></datafield><datafield ind1=" " ind2=" " tag="245"><subfield code="a">Heterofunktionelle - und - acyl vinylcarbanionen-erzegung und reaktionen. dissertation</subfield></datafield><datafield ind1=" " ind2=" " tag="260"><subfield code="a">Stuttgart, Univ.,1978. 252 P</subfield></datafield><datafield ind1=" " ind2=" " tag="852"><subfield code="a">46293</subfield></datafield></record></collection>